<record><leader>00000cas a22000007a 4500</leader><controlfield tag="001">26892046</controlfield><controlfield tag="008">921030d18831935ctuwr ne      0    0eng d</controlfield><datafield ind1=" " ind2=" " tag="010"><subfield code="a">sn 92051501 </subfield></datafield><datafield ind1=" " ind2=" " tag="040"><subfield code="a">CNW</subfield><subfield code="b">eng</subfield><subfield code="c">CNW</subfield><subfield code="d">OCLCQ</subfield></datafield><datafield ind1=" " ind2=" " tag="042"><subfield code="a">msc</subfield></datafield><datafield ind1="0" ind2=" " tag="130"><subfield code="a">Press (Stafford Springs, Conn.)</subfield></datafield><datafield ind1="1" ind2="4" tag="245"><subfield code="a">The Press.</subfield></datafield><datafield ind1=" " ind2=" " tag="260"><subfield code="a">Stafford Springs, Conn. :</subfield><subfield code="b">James McLaughlin</subfield></datafield><datafield ind1=" " ind2=" " tag="300"><subfield code="a">v.</subfield></datafield><datafield ind1=" " ind2=" " tag="310"><subfield code="a">Weekly</subfield></datafield><datafield ind1="0" ind2=" " tag="362"><subfield code="a">Vol. 26, no. 1 (Apr. 5, 1883)-v. 78, no. 40 (Dec. 26, 1935).</subfield></datafield><datafield ind1=" " ind2="4" tag="651"><subfield code="a">Stafford Springs (Conn.)</subfield><subfield code="v">Newspapers.</subfield></datafield><datafield ind1=" " ind2="4" tag="651"><subfield code="a">Stafford (Conn.)</subfield><subfield code="v">Newspapers.</subfield></datafield><datafield ind1=" " ind2="4" tag="651"><subfield code="a">Tolland County (Conn.)</subfield><subfield code="v">Newspapers.</subfield></datafield><datafield ind1=" " ind2=" " tag="752"><subfield code="a">United States</subfield><subfield code="b">Connecticut</subfield><subfield code="c">Tolland</subfield><subfield code="d">Stafford Springs.</subfield></datafield><datafield ind1="0" ind2=" " tag="775"><subfield code="t">Coventry local register</subfield><subfield code="w">(DLC)sn 84022400</subfield><subfield code="w">(OCoLC)10387217</subfield></datafield><datafield ind1="0" ind2=" " tag="775"><subfield code="t">Local register</subfield><subfield code="w">(DLC)sn 92051506</subfield></datafield><datafield ind1="0" ind2="0" tag="780"><subfield code="t">Tolland County press</subfield><subfield code="w">(DLC)sn 84022401</subfield><subfield code="w">(OCoLC)10387466</subfield></datafield><datafield ind1="0" ind2="0" tag="785"><subfield code="t">Stafford press</subfield><subfield code="w">(DLC)sn 92051505</subfield></datafield><datafield ind1="1" ind2=" " tag="029"><subfield code="a">AU@</subfield><subfield code="b">000020739124</subfield></datafield></record>